@book{Wheeden_Zygmund_2015, place={Boca Raton}, title={Measure and integral: An introduction to real analysis}, publisher={CRC}, author={Wheeden, Richard L. and Zygmund, Antoni}, year={2015}} 

@book{rudin1976principles,
  title={Principles of Mathematical Analysis},
  author={Rudin, W.},
  isbn={9780070856134},
  lccn={75179033},
  url={https://books.google.com.tw/books?id=kwqzPAAACAAJ},
  year={1976},
  publisher={McGraw-Hill}
}